00537cas a22002171a 4500
001 9917737263502836
003 Nz
005 20161223172958.0
008 031218m1908uuuunz  r ne      000 0 eng d
035    $a (Nz)8131141
035    $a (NLNZils)1773726-ilsdb
040    $a WN $c WN
042    $a nznb
043    $a u-nz---
130 0  $a Auckland argus (1908)
245 00 $a Auckland argus.
260    $a Auckland [N.Z.]
310    $a Daily?
362 0  $a 1908 Apr.4-?
651  0 $a Auckland (N.Z.) $v Newspapers.
655  7 $a New Zealand newspapers. $2 local $5 Nz
